<record><leader>00000cas a22000007a 4500</leader><controlfield tag="001">28408109</controlfield><controlfield tag="008">930709d189u1927caucr ne      0    0eng d</controlfield><datafield ind1=" " ind2=" " tag="010"><subfield code="a">sn 93051543 </subfield></datafield><datafield ind1=" " ind2=" " tag="040"><subfield code="a">CUY</subfield><subfield code="b">eng</subfield><subfield code="c">CNK</subfield><subfield code="d">OCLCQ</subfield></datafield><datafield ind1=" " ind2=" " tag="042"><subfield code="a">msc</subfield></datafield><datafield ind1="0" ind2="0" tag="245"><subfield code="a">Willows semi-weekly journal.</subfield></datafield><datafield ind1=" " ind2=" " tag="260"><subfield code="a">Willows, Calif. :</subfield><subfield code="b">E.M. Sehorn</subfield></datafield><datafield ind1=" " ind2=" " tag="300"><subfield code="a">v.</subfield></datafield><datafield ind1=" " ind2=" " tag="310"><subfield code="a">Semiweekly</subfield></datafield><datafield ind1="0" ind2=" " tag="362"><subfield code="a">-50th year, no. 48 (Nov. 14, 1927).</subfield></datafield><datafield ind1=" " ind2=" " tag="588"><subfield code="a">Description based on: 32nd year, no. 25 (Aug. 13, 1909).</subfield></datafield><datafield ind1=" " ind2="4" tag="651"><subfield code="a">Willows (Calif.)</subfield><subfield code="v">Newspapers.</subfield></datafield><datafield ind1=" " ind2=" " tag="752"><subfield code="a">United States</subfield><subfield code="b">California</subfield><subfield code="c">Glenn</subfield><subfield code="d">Willows.</subfield></datafield><datafield ind1="0" ind2=" " tag="775"><subfield code="t">Willows daily journal (Willows, Calif. : 1917)</subfield><subfield code="w">(DLC)sn 93051545</subfield></datafield><datafield ind1="0" ind2="0" tag="785"><subfield code="t">Willows journal (Willows, Calif. : Semiweekly)</subfield><subfield code="w">(DLC)sn 93053340</subfield></datafield><datafield ind1="1" ind2=" " tag="029"><subfield code="a">AU@</subfield><subfield code="b">000025894658</subfield></datafield></record>